@BOOK{brown78,
AUTHOR = {Brown, Jr., W. F.},
TITLE = {Micromagnetics},
PUBLISHER = {Krieger},
ADDRESS = {New York},
YEAR = 1978
}

@TECHREPORT{donahue99,
AUTHOR = {M. J. Donahue and D. G. Porter},
TITLE = "OOMMF User's Guide, Version 1.0",
INSTITUTION = "National Institute of Standards and Technology",
NUMBER = {NISTIR 6376},
ADDRESS = "Gaithersburg, MD",
YEAR = 1999
}
