@BOOK{aharoni96,
AUTHOR = {A. Aharoni},
TITLE = {Introduction to the Theory of Ferromagnetism},
PUBLISHER = {Oxford},
ADDRESS = {New York},
YEAR = 1996
}

@ARTICLE{aharoni98,
AUTHOR = {A. Aharoni},
TITLE = {Demagnetizing Factors for Rectangular Ferromagnetic Prisms},
JOURNAL = {J.\ App.\ Phys.},
VOLUME = {83},
PAGES = {3432--3434},
YEAR = 1998
}

@ARTICLE{berkov93,
AUTHOR = {D. V. Berkov and K. Ramst\"{o}ck and A. Hubert},
TITLE = {Solving Micromagnetic Problems: Towards an Optimal Numerical
         Method},
JOURNAL = {Phys.\ Stat.\ Sol.\ (a)},
VOLUME = {137},
PAGES = {207--222},
YEAR = 1993
}

@BOOK{brown78,
AUTHOR = {Brown, Jr., W. F.},
TITLE = {Micromagnetics},
PUBLISHER = {Krieger},
ADDRESS = {New York},
YEAR = 1978
}

@ARTICLE{donahue97,
AUTHOR = {M. J. Donahue and R. D. McMichael},
TITLE = {Exchange Energy Representations in Computational
         Micromagnetics},
JOURNAL = {Physica B},
VOLUME = {233},
PAGES = {272--278},
YEAR = 1997
}

@TECHREPORT{donahue99,
AUTHOR = {M. J. Donahue and D. G. Porter},
TITLE = {{OOMMF} User's Guide, Version 1.0},
INSTITUTION = "National Institute of Standards and Technology",
NUMBER = {NISTIR 6376},
ADDRESS = "Gaithersburg, MD",
YEAR = 1999
}

@ARTICLE{dormand80,
AUTHOR = {J. R. Dormand and P. J. Prince},
TITLE = {A Family of Embedded {R}unge-{K}utta Formulae},
JOURNAL = {J. Comp.\ Appl.\ Math.},
VOLUME = {6},
PAGES = {19--26},
YEAR = 1980
}

@ARTICLE{dormand86,
AUTHOR = {J. R. Dormand and P. J. Prince},
TITLE = {A Reconsideration of Some Embedded {R}unge-{K}utta Formulae},
JOURNAL = {J. Comp.\ Appl.\ Math.},
VOLUME = {15},
PAGES = {203--211},
YEAR = 1986
}

@ARTICLE{fidler00,
AUTHOR = {J. Fidler and T. Schrefl},
TITLE = {Micromagnetic modelling --- the current state of the art},
JOURNAL = {J. Phys.\ D:  Appl.\ Phys.},
VOLUME = {33},
PAGES = {R135--R156},
YEAR = 2000
}

@ARTICLE{gilbert55,
AUTHOR = {T. L. Gilbert},
TITLE = {A {Lagrangian} Formulation of the Gyromagnetic Equation of the
         Magnetization Field},
JOURNAL = {Phys.\ Rev.},
VOLUME = {100},
PAGES = {1243},
YEAR = 1955
}

@ARTICLE{gillette58,
AUTHOR = {P. R. Gillette and K. Oshima},
TITLE = {Magnetization Reversal by Rotation},
JOURNAL = {J.\ Appl.\ Phys.},
VOLUME = {29},
PAGES = {529--531},
YEAR = 1958
}

@ARTICLE{landau35,
AUTHOR = {L. Landau and E. Lifshitz},
TITLE = {On the Theory of the Dispersion of Magnetic Permeability in
         Ferromagnetic Bodies},
JOURNAL = {Physik.\ Z.\ Sowjetunion},
VOLUME = {8},
PAGES = {153--169},
YEAR = 1935
}

@ARTICLE{mcmichael97,
AUTHOR = {R. D. McMichael and M. J. Donahue},
TITLE = {Head to Head Domain Wall Structures in Thin Magnetic Strips},
JOURNAL = {IEEE Trans.\ Mag.},
VOLUME = {33},
PAGES = {4167--4169},
YEAR = 1997
}

@ARTICLE{neel55,
AUTHOR = {L. N\'eel},
TITLE = {Some Theoretical Aspects of Rock Magnetism},
JOURNAL = {Adv.\ Phys.},
VOLUME = 4,
PAGES = {191--242},
YEAR = 1955
}

@ARTICLE{newell93,
AUTHOR = {A. J. Newell and W. Williams and D. J. Dunlop},
TITLE = {A Generalization of the Demagnetizing Tensor for Nonuniform
         Magnetization},
JOURNAL = {J. Geophysical Research - Solid Earth},
VOLUME = {98},
PAGES = {9551--9555},
YEAR = 1993
}

@ARTICLE{porter01,
AUTHOR = {D. G. Porter and M. J. Donahue},
TITLE = {Generalization of a Two-Dimensional Micromagnetic Model to
         Non-Uniform Thickness},
JOURNAL = {Journal of Applied Physics},
VOLUME = {89},
PAGES = {7257--7259},
YEAR = 2001
}

@ARTICLE{scheinfein91,
AUTHOR = {M. R. Scheinfein and J. Unguris and J. L. Blue and
          K. J. Coakley and D. T. Pierce and R. J. Celotta},
TITLE = {Micromagnetics of Domain Walls at Surfaces},
JOURNAL = {Phys.\ Rev.\ B},
VOLUME = {43},
PAGES = {3395--3422},
YEAR = 1991
}

@BOOK{stoer93,
AUTHOR = {J. Stoer and R. Bulirsch},
TITLE = {Introduction to Numerical Analysis},
Edition = {2nd},
PUBLISHER = {Springer},
ADDRESS = {New York},
YEAR = 1993
}

@ARTICLE{stoner48,
AUTHOR = {E. C. Stoner and E. P. Wohlfarth},
TITLE = {A Mechanism of Magnetic Hysteresis in Heterogeneous Alloys},
JOURNAL = {Phil.\ Trans.\ Royal Soc.\ London},
VOLUME = {A240},
PAGES = {599--642},
YEAR = 1948
}

@ARTICLE{xiao04,
AUTHOR = {J. Xiao and A. Zangwill and M. D. Stiles},
TITLE = {{Boltzmann} test of {Slonczewski's} theory of spin-transfer torque},
JOURNAL = {Phys.\ Rev.\ B},
VOLUME = {70},
PAGES = {172405},
EID = {172405},
NUMPAGES = {4},
YEAR = 2004
}

@BOOK{welch00,
AUTHOR = {Brent B. Welch},
TITLE = {Practical Programming in Tcl and Tk},
PUBLISHER = {Prentice Hall},
EDITION = {3rd},
ADDRESS = {Upper Saddle River, New Jersey USA},
YEAR = 2000
}

